<?xml version="1.0" encoding="UTF-8"?><record xmlns="http://www.loc.gov/MARC21/slim" xmlns:cinclude="http://apache.org/cocoon/include/1.0" xmlns:zs="http://www.loc.gov/zing/srw/">
  <leader>00459nz  a2200145n  4500</leader>
  <controlfield tag="001">nb2009025923</controlfield>
  <controlfield tag="003">DLC</controlfield>
  <controlfield tag="005">20091015075443.0</controlfield>
  <controlfield tag="008">091013n| acannaabn          |n ana      </controlfield>
  <datafield tag="010" ind1=" " ind2=" ">
    <subfield code="a">nb2009025923</subfield>
  </datafield>
  <datafield tag="035" ind1=" " ind2=" ">
    <subfield code="a">(Uk)007596558</subfield>
  </datafield>
  <datafield tag="040" ind1=" " ind2=" ">
    <subfield code="a">Uk</subfield>
    <subfield code="b">eng</subfield>
    <subfield code="c">Uk</subfield>
  </datafield>
  <datafield tag="151" ind1=" " ind2=" ">
    <subfield code="a">Llanarmon-yn-Iâl (Wales)</subfield>
  </datafield>
  <datafield tag="670" ind1=" " ind2=" ">
    <subfield code="a">O Gamddwr i Gairo, c2004:</subfield>
    <subfield code="b">p. 21 (Llanarmon-yn-Iâl)</subfield>
  </datafield>
  <datafield tag="670" ind1=" " ind2=" ">
    <subfield code="a">Ord. Sur. gaz. GB, 1995</subfield>
    <subfield code="b">(Llanarmon-yn-Iâl, Denbighshire, village, 53°05.9ʹN, 3°12.2ʹW)</subfield>
  </datafield>
</record>